@inproceedings{ogawa2010software,
  title={Software evolution storylines},
  author={Ogawa, Michael and Ma, Kwan-Liu},
  booktitle={Proceedings of the 5th international symposium on Software visualization},
  pages={35--42},
  year={2010},
  organization={ACM}
}

@inproceedings{aaaa2010software,
  title={Software evolution storylines},
  author={Ogawa, Michael and Ma, Kwan-Liu},
  booktitle={Proceedings of the 5th international symposium on Software visualization},
  pages={35--42},
  year={2010},
  organization={ACM}
}